@Online{shah2013,
  author          = {Aadit M Shah},
  title           = {What is the difference between eq?, eqv?, equal?, and = in Scheme?},
  year            = {2013},
  url             = {http://stackoverflow.com/questions/16299246/what-is-the-difference-between-eq-eqv-equal-and-in-scheme},
  month           = {Jul},
  urldate         = {2015-01-03}
}


@Online{sitaram2015,
  author          = {Dorai Sitaram},
  title           = {Teach Yourself Scheme in Fixnum Days},
  year            = {2015},
  url             = {http://ds26gte.github.io/tyscheme/},
  month           = {Jun},
  urldate         = {2015-01-03}
}


@Online{guile,
  author          = {GNU},
  title           = {Guile Reference Manual},
  year            = {2014},
  url             = {http://www.gnu.org/software/guile/manual/},
  urldate         = {2015-01-03}
}

@article{r6rs,
  author          = {Sperber,Michael and Dybvig,R. Kent and Flatt,Matthew and Van Straaten,Anton and Findler,Robby and Matthews,Jacob},
  title           = {Revised6 Report on the Algorithmic Language Scheme},
  journal         = {Journal of Functional Programming},
  volume          = {19},
  issue           = {Supplement S1},
  year            = {2009},
  issn            = {1469-7653},
  pages           = {1--301},
  numpages        = {301},
  doi             = {10.1017/S0956796809990074},
  URL             = {http://journals.cambridge.org/article_S0956796809990074},
}

@Online{cplusplus,
  author          = {cplusplus},
  title           = {C++ Language},
  year            = {2014},
  date            = {11},
  url             = {http://www.cplusplus.com/doc/tutorial/},
  month           = {Nov},
  urldate         = {2016-01-06}
}

@book{stroustrup2014,
  title           = {A Tour of C++},
  author          = {Bjarne Stroustrup},
  isbn            = {9780321958310},
  lccn            = {2013028473},
  series          = {The C++ in-depth series},
  url             = {https://books.google.com/books?id=-VNsAQAAQBAJ},
  year            = {2014},
  publisher       = {Addison-Wesley}
}

@Misc{raiter2011,
  author          = {Brian Raiter},
  title           = {Brainfuck},
  subtitle        = {An Eight-Instruction Turing-Complete Programming Language},
  url             = {http://www.muppetlabs.com/~breadbox/bf/},
  month           = 06,
  year            = 2011,
  urldate         = {2015-12-08},
}

@Online{kliger2015,
  author          = {Aleksey Kliger},
  title           = {Why doesn't GCC optimize a*a*a*a*a*a to (a*a*a)*(a*a*a)?},
  year            = 2015,
  url             = {http://stackoverflow.com/questions/6430448/why-doesnt-gcc-optimize-aaaaaa-to-aaaaaa},
  urldate         = {2015-01-12}
}

@Online{dair2015,
  author          = {Dair},
  title           = {What is the name of this code transformation that uses associativity of addition?},
  year            = 2015,
  url             = {http://cs.stackexchange.com/questions/48751/what-is-the-name-of-this-code-transformation-that-uses-associativity-of-addition},
  urldate         = {2015-01-12}
}

@article{knuth1974,
  acmid           = {356640},
  added-at        = {2011-01-08T18:45:10.000+0100},
  address         = {New York, NY, USA},
  author          = {Knuth, Donald E.},
  biburl          = {http://www.bibsonomy.org/bibtex/24acd04333e4f32c508d7d211e4bc9083/jimbarritt},
  doi             = {http://doi.acm.org/10.1145/356635.356640},
  interhash       = {d4582d62d34cdc44253417bbb9d3297c},
  intrahash       = {4acd04333e4f32c508d7d211e4bc9083},
  issn            = {0360-0300},
  issue           = {4},
  journal         = {ACM Comput. Surv.},
  keywords        = {design encapsulation},
  month           = {December},
  numpages        = {41},
  pages           = {261--301},
  publisher       = {ACM},
  timestamp       = {2011-01-08T18:45:10.000+0100},
  title           = {Structured Programming with go to Statements},
  url             = {http://doi.acm.org/10.1145/356635.356640},
  volume          = 6,
  year            = 1974
}
