@INBOOK {sebesta:2012,
  title           = {Language Evaluation Criteria},
  author          = {Robert W. Sebesta},
  booktitle       = {Concepts of Programming Languages},
  edition         = {10th},
  year            = 2012,
  isbn            = {978-0-13-139531-2},
  pages           = {8}
}
