@MISC{wiki:bnf,
  author          = {Wikipedia},
  title           = {Backusâ€“Naur Form --- Wikipedia{,} The Free Encyclopedia},
  year            = {2015},
  url             = {https://en.wikipedia.org/w/index.php?title=Backus%E2%80%93Naur_Form&oldid=673235331},
  note            = {[Online; accessed 5-August-2015]}
}

@MISC{wiki:cfg,
  author          = {Wikipedia},
  title           = {Context-free grammar --- Wikipedia{,} The Free Encyclopedia},
  year            = {2015},
  url             = {https://en.wikipedia.org/w/index.php?title=Context-free_grammar&oldid=664251154},
  note            = {[Online; accessed 5-August-2015]}
}
